<record xmlns="http://www.loc.gov/MARC21/slim" xmlns:xsi="http://www.w3.org/2001/XMLSchema-instance" xsi:schemaLocation="http://www.loc.gov/MARC21/slim http://www.loc.gov/standards/marcxml/schema/MARC21slim.xsd">

  <leader>00723nam a2200217Ia 4500</leader>
  <datafield tag="999" ind1=" " ind2=" ">
    <subfield code="c">485</subfield>
    <subfield code="d">485</subfield>
  </datafield>
  <controlfield tag="008">161209b1996    mx ||||| |||| 00| | spa d</controlfield>
  <datafield ind1=" " tag="020" ind2=" ">
    <subfield code="a">97876589274</subfield>
  </datafield>
  <datafield tag="090" ind1=" " ind2=" ">
    <subfield code="a">18.01.01 </subfield>
    <subfield code="b">1224</subfield>
  </datafield>
  <datafield ind2=" " ind1="1" tag="100">
    <subfield code="a">Maturana Romesín, Humberto</subfield>
    <subfield code="9">2171</subfield>
  </datafield>
  <datafield ind1="1" tag="245" ind2="3">
    <subfield code="a">La realidad: ¿objetiva o construida?: fundamentos biológicos del conocimiento / </subfield>
    <subfield code="c">Humberto Maturana R.; en colaboración con Jorge Mpodozis Marín</subfield>
  </datafield>
  <datafield tag="250" ind1=" " ind2=" ">
    <subfield code="a">2 edición</subfield>
  </datafield>
  <datafield ind2=" " tag="260" ind1=" ">
    <subfield code="a">México: </subfield>
    <subfield code="b">Universidad Iberoamericana. </subfield>
    <subfield code="c">1996</subfield>
  </datafield>
  <datafield ind1=" " tag="300" ind2=" ">
    <subfield code="a">286 páginas</subfield>
  </datafield>
  <datafield ind1=" " tag="490" ind2=" ">
    <subfield code="a">Nueva ciencia, 13</subfield>
  </datafield>
  <datafield ind1=" " tag="500" ind2=" ">
    <subfield code="a">2 volúmenes </subfield>
  </datafield>
  <datafield tag="650" ind1="1" ind2="4">
    <subfield code="a">CONOCIMIENTO</subfield>
    <subfield code="9">42</subfield>
  </datafield>
  <datafield ind2="4" tag="650" ind1="1">
    <subfield code="a">BIOLOGÍA</subfield>
    <subfield code="9">40</subfield>
  </datafield>
  <datafield ind2="4" ind1="1" tag="650">
    <subfield code="a">FILOSOFÍA</subfield>
    <subfield code="9">336</subfield>
  </datafield>
  <datafield tag="700" ind1="1" ind2=" ">
    <subfield code="a">Mpodozis Marín, Jorge</subfield>
    <subfield code="9">2174</subfield>
  </datafield>
  <datafield ind1=" " tag="942" ind2=" ">
    <subfield code="2">z</subfield>
    <subfield code="c">01</subfield>
  </datafield>
</record>